@incollection{Wu2010,
year={2010},
isbn={978-3-642-16529-0},
booktitle={Artificial Intelligence and Computational Intelligence},
volume={6319},
series={Lecture Notes in Computer Science},
editor={Wang, FuLee and Deng, Hepu and Gao, Yang and Lei, Jingsheng},
doi={10.1007/978-3-642-16530-6_14},
title={An Efficient Distributed Subgraph Mining Algorithm in Extreme Large Graphs},
url={http://dx.doi.org/10.1007/978-3-642-16530-6_14},
publisher={Springer Berlin Heidelberg},
keywords={subgraph mining; large graph; MapReduce; distributed algorithm},
author={Wu, Bin and Bai, YunLong},
pages={107-115}
}

@incollection{Liu2009,
year={2009},
isbn={978-3-642-03643-9},
booktitle={Advanced Parallel Processing Technologies},
volume={5737},
series={Lecture Notes in Computer Science},
editor={Dou, Yong and Gruber, Ralf and Joller, JosefM.},
doi={10.1007/978-3-642-03644-6_27},
title={MapReduce-Based Pattern Finding Algorithm Applied in Motif Detection for Prescription Compatibility Network},
url={http://dx.doi.org/10.1007/978-3-642-03644-6_27},
publisher={Springer Berlin Heidelberg},
keywords={complex network; motif detection; pattern finding; MapReduce; prescription compatibility},
author={Liu, Yang and Jiang, Xiaohong and Chen, Huajun and Ma, Jun and Zhang, Xiangyu},
pages={341-355}
}

@article{Kuramochi2005,
  title={Finding frequent patterns in a large sparse graph*},
  author={Kuramochi, Michihiro and Karypis, George},
  journal={Data mining and knowledge discovery},
  volume={11},
  number={3},
  pages={243--271},
  year={2005},
  publisher={Springer}
}

@article{Jiang2009,
  title={Mining globally distributed frequent subgraphs in a single labeled graph},
  author={Jiang, Xing and Xiong, Hui and Wang, Chen and Tan, Ah-Hwee},
  journal={Data \& Knowledge Engineering},
  volume={68},
  number={10},
  pages={1034--1058},
  year={2009},
  publisher={Elsevier}
}

@inproceedings{Huan2003,
  title={Efficient mining of frequent subgraphs in the presence of isomorphism},
  author={Huan, Jun and Wang, Wei and Prins, Jan},
  booktitle={Data Mining, 2003. ICDM 2003. Third IEEE International Conference on},
  pages={549--552},
  year={2003},
  organization={IEEE}
}

@inproceedings{Zou2010,
  title={Frequent subgraph mining on a single large graph using sampling techniques},
  author={Zou, Ruoyu and Holder, Lawrence B},
  booktitle={Proceedings of the Eighth Workshop on Mining and Learning with Graphs},
  pages={171--178},
  year={2010},
  organization={ACM}
}

@article{Wang2010,
  title={Recent advances in clustering methods for protein interaction networks},
  author={Wang, Jianxin and Li, Min and Deng, Youping and Pan, Yi},
  journal={BMC genomics},
  volume={11},
  number={Suppl 3},
  pages={S10},
  year={2010},
  publisher={BioMed Central Ltd}
}

@inproceedings{Srinivasan1997,
  title={The predictive toxicology evaluation challenge},
  author={Srinivasan, Ashwin and King, Ross D and Muggleton, SH and Sternberg, Michael JE},
  booktitle={IJCAI (1)},
  pages={4--9},
  year={1997},
  organization={Citeseer}
}

@inproceedings{Yan2002,
  title={gspan: Graph-based substructure pattern mining},
  author={Yan, Xifeng and Han, Jiawei},
  booktitle={Data Mining, 2002. ICDM 2003. Proceedings. 2002 IEEE International Conference on},
  pages={721--724},
  year={2002},
  organization={IEEE}
}

@inproceedings{Cong2002,
  title={Discovering Frequent Substructures from Hierarchical Semi-structured Data.},
  author={Cong, Gao and Yi, Lan and Liu, Bing and Wang, Ke},
  booktitle={SDM},
  year={2002}
}

@inproceedings{Holder1994,
  title={Substucture Discovery in the SUBDUE System.},
  author={Holder, Lawrence B and Cook, Diane J and Djoko, Surnjani},
  booktitle={KDD Workshop},
  pages={169--180},
  year={1994}
}

@book{Gary1979,
  title={Computers and Intractability: A Guide to the Theory of NP-completeness},
  author={Gary, Michael R and Johnson, David S},
  year={1979},
  publisher={WH Freeman and Company, New York}
}

